@article{overcooked,
  title   = {On the utility of learning about humans for human-ai coordination},
  author  = {Carroll, Micah and Shah, Rohin and Ho, Mark K and Griffiths, Tom and Seshia, Sanjit and Abbeel, Pieter and Dragan, Anca},
  journal = {Advances in neural information processing systems},
  volume  = {32},
  year    = {2019}
}

@article{ppo,
  title   = {Proximal policy optimization algorithms},
  author  = {Schulman, John and Wolski, Filip and Dhariwal, Prafulla and Radford, Alec and Klimov, Oleg},
  journal = {arXiv preprint arXiv:1707.06347},
  year    = {2017}
}

@article{mappo,
  title   = {The surprising effectiveness of ppo in cooperative multi-agent games},
  author  = {Yu, Chao and Velu, Akash and Vinitsky, Eugene and Gao, Jiaxuan and Wang, Yu and Bayen, Alexandre and Wu, Yi},
  journal = {Advances in neural information processing systems},
  volume  = {35},
  pages   = {24611--24624},
  year    = {2022}
}